<?xml version="1.0" encoding="UTF-8"?><collection xmlns="http://www.loc.gov/MARC21/slim"><record><leader>00341nam--2200121-i-4500</leader><controlfield tag="001">000037852</controlfield><controlfield tag="002">20161230</controlfield><controlfield tag="005">20161230201041</controlfield><controlfield tag="008">060222s1000------------r-----000-0-eng-d</controlfield><datafield ind1=" " ind2=" " tag="100"><subfield code="a">Radley,J.A.,Julius,Grant</subfield></datafield><datafield ind1=" " ind2=" " tag="245"><subfield code="a">Fluorescence analysis in ultra-violet light</subfield></datafield><datafield ind1=" " ind2=" " tag="260"><subfield code="a">London, Chapman &amp; Hall Ltd.,1948. Xvi + 424 P.+29 Tab</subfield></datafield><datafield ind1=" " ind2=" " tag="852"><subfield code="a">1203</subfield></datafield></record></collection>